<record><leader>00000cas a22000007a 4500</leader><controlfield tag="001">15153394</controlfield><controlfield tag="008">870205d18731874inuer ne      0    0ger d</controlfield><datafield ind1=" " ind2=" " tag="010"><subfield code="a">sn 87067039 </subfield></datafield><datafield ind1=" " ind2=" " tag="040"><subfield code="a">NNX</subfield><subfield code="b">eng</subfield><subfield code="c">NNX</subfield><subfield code="d">NPI</subfield><subfield code="d">YOX</subfield><subfield code="d">OCLCQ</subfield><subfield code="d">KRTAS</subfield><subfield code="d">UKMGB</subfield><subfield code="d">OCLCQ</subfield><subfield code="d">OCLCF</subfield><subfield code="d">OCLCO</subfield></datafield><datafield ind1="7" ind2=" " tag="016"><subfield code="a">013939644</subfield><subfield code="2">Uk</subfield></datafield><datafield ind1="1" ind2=" " tag="029"><subfield code="a">AU@</subfield><subfield code="b">000025790632</subfield></datafield><datafield ind1=" " ind2=" " tag="042"><subfield code="a">msc</subfield></datafield><datafield ind1=" " ind2=" " tag="043"><subfield code="a">n-us-in</subfield></datafield><datafield ind1="0" ind2="0" tag="245"><subfield code="a">Fort Wayne Anzeiger.</subfield></datafield><datafield ind1="1" ind2="3" tag="246"><subfield code="a">Ft. W. Anzeiger</subfield></datafield><datafield ind1="1" ind2="3" tag="246"><subfield code="a">Anzeiger</subfield></datafield><datafield ind1=" " ind2=" " tag="260"><subfield code="a">Fort Wayne, Ind. :</subfield><subfield code="b">Anzeiger Print. Co.</subfield></datafield><datafield ind1=" " ind2=" " tag="310"><subfield code="a">Biweekly</subfield></datafield><datafield ind1="1" ind2=" " tag="362"><subfield code="a">Began in 1873; ceased in 1874.</subfield><subfield code="z">Cf. Arndt &amp; Olson. German-American newspapers.</subfield></datafield><datafield ind1=" " ind2=" " tag="588"><subfield code="a">Description based on: Nr. 12 (11. Aug. 1874).</subfield></datafield><datafield ind1=" " ind2="0" tag="650"><subfield code="a">Germans</subfield><subfield code="z">Indiana</subfield><subfield code="v">Newspapers.</subfield></datafield><datafield ind1=" " ind2="0" tag="650"><subfield code="a">German Americans</subfield><subfield code="v">Newspapers.</subfield></datafield><datafield ind1=" " ind2="4" tag="651"><subfield code="a">Fort Wayne (Ind.)</subfield><subfield code="v">Newspapers.</subfield></datafield><datafield ind1=" " ind2="7" tag="655"><subfield code="a">Newspapers.</subfield><subfield code="2">fast</subfield><subfield code="0">(OCoLC)fst01423814</subfield></datafield><datafield ind1=" " ind2="7" tag="650"><subfield code="a">German Americans.</subfield><subfield code="2">fast</subfield><subfield code="0">(OCoLC)fst00941308</subfield></datafield><datafield ind1=" " ind2="7" tag="650"><subfield code="a">Germans.</subfield><subfield code="2">fast</subfield><subfield code="0">(OCoLC)fst00942100</subfield></datafield><datafield ind1=" " ind2="7" tag="651"><subfield code="a">Indiana.</subfield><subfield code="2">fast</subfield><subfield code="0">(OCoLC)fst01204604</subfield></datafield><datafield ind1=" " ind2=" " tag="752"><subfield code="a">United States</subfield><subfield code="b">Indiana</subfield><subfield code="c">Allen</subfield><subfield code="d">Fort Wayne.</subfield></datafield><datafield ind1=" " ind2=" " tag="938"><subfield code="a">Kirtas Technologies, Inc.</subfield><subfield code="b">KRTS</subfield><subfield code="n">739811</subfield></datafield></record>